<?xml version="1.0" encoding="UTF-8"?><collection xmlns="http://www.loc.gov/MARC21/slim"><record><leader>00381nam--2200157-i-4500</leader><controlfield tag="001">000027336</controlfield><controlfield tag="002">20161230</controlfield><controlfield tag="005">20170302002406</controlfield><controlfield tag="008">060222s1000------------r-----000-0-eng-d</controlfield><datafield ind1=" " ind2=" " tag="080"><subfield code="a">621.834</subfield></datafield><datafield ind1=" " ind2=" " tag="100"><subfield code="a">Seres, Istvan</subfield></datafield><datafield ind1=" " ind2=" " tag="245"><subfield code="a">Aschierea prin frezare a rotilor dintate</subfield></datafield><datafield ind1=" " ind2=" " tag="260"><subfield code="a">Bucuresti</subfield><subfield code="b">I.D.T</subfield><subfield code="c">1951</subfield></datafield><datafield ind1=" " ind2=" " tag="300"><subfield code="a">118 p</subfield></datafield><datafield ind1=" " ind2=" " tag="852"><subfield code="a">26750</subfield></datafield><datafield ind1=" " ind2=" " tag="CAT"><subfield code="a">SYS</subfield><subfield code="c">20170302</subfield><subfield code="h">002406</subfield></datafield></record></collection>